<record><leader>00000cas a22000007a 4500</leader><controlfield tag="001">22856507</controlfield><controlfield tag="008">901214d191919uuohuer ne      0    0eng d</controlfield><datafield ind1=" " ind2=" " tag="010"><subfield code="a">sn 90068324 </subfield></datafield><datafield ind1=" " ind2=" " tag="040"><subfield code="a">ONP</subfield><subfield code="b">eng</subfield><subfield code="c">ONP</subfield><subfield code="d">OCLCQ</subfield></datafield><datafield ind1=" " ind2=" " tag="042"><subfield code="a">msc</subfield></datafield><datafield ind1="0" ind2=" " tag="130"><subfield code="a">Madison news (Madison, Ohio : 1919)</subfield></datafield><datafield ind1="1" ind2="0" tag="245"><subfield code="a">Madison news.</subfield></datafield><datafield ind1=" " ind2=" " tag="260"><subfield code="a">Madison, Ohio :</subfield><subfield code="b">G.S. Spring</subfield></datafield><datafield ind1=" " ind2=" " tag="300"><subfield code="a">v.</subfield></datafield><datafield ind1=" " ind2=" " tag="310"><subfield code="a">Biweekly</subfield></datafield><datafield ind1="1" ind2=" " tag="362"><subfield code="a">Began in 1919.</subfield></datafield><datafield ind1=" " ind2=" " tag="588"><subfield code="a">Description based on: No. 155 (Jan. 29, 1925).</subfield></datafield><datafield ind1=" " ind2="4" tag="651"><subfield code="a">Madison (Ohio)</subfield><subfield code="v">Newspapers.</subfield></datafield><datafield ind1=" " ind2="4" tag="651"><subfield code="a">Lake County (Ohio)</subfield><subfield code="v">Newspapers.</subfield></datafield><datafield ind1=" " ind2=" " tag="752"><subfield code="a">United States</subfield><subfield code="b">Ohio</subfield><subfield code="c">Lake</subfield><subfield code="d">Madison.</subfield></datafield><datafield ind1="0" ind2="7" tag="785"><subfield code="t">Madison leader (Madison, Ohio)</subfield><subfield code="w">(DLC)sn 90068303</subfield></datafield><datafield ind1="0" ind2="0" tag="785"><subfield code="t">Madison news-leader</subfield><subfield code="w">(DLC)sn 90068298</subfield></datafield><datafield ind1="1" ind2=" " tag="029"><subfield code="a">AU@</subfield><subfield code="b">000025874236</subfield></datafield></record>